@article{Bry2013,
author = {Bry, Fran{\c{c}}ois},
doi = {10.1007/978-1-4614-8806-4_19},
file = {:Users/changkun/Documents/Mendeley Desktop/Unknown/Unknown/Unknown/Unknown - Human Computation-Enabled Network Analysis for a Systemic Credit Risk Rating - Unknown - Unknown.pdf:pdf},
isbn = {978-1-4614-8805-7},
journal = {Handbook of Human Computation},
mendeley-groups = {Human Computation/Disaster Monitoring},
pages = {1--31},
title = {{Human Computation-Enabled Network Analysis for a Systemic Credit Risk Rating}},
year = {2013}
}
